@book{kernighan1999practice,
  title={The practice of programming},
  author={Kernighan, Brian W and Pike, Rob},
  year={1999},
  publisher={Addison-Wesley Professional}
}